% "bjm.bib"

@book{ref:thorp62,
author = {Edward O. Thorp},
title = {Beat the Dealer: A Winning Strategy for the Game of Twenty-One},
publisher = {Random House},
year = 1962
}

@book{ref:wong81,
author = {Stanford Wong},
title = {Professional Blackjack},
publisher = {William Morrow and Co.},
year = 1981,
month = nov
}

@article{ref:kelly56,
author = {J. L. Kelly, Jr.},
year = 1956,
title = {A New Interpretation of Information Rate},
journal = {Bell System Technical Journal},
volume = 35,
pages = {917--926}
}
